% This file was created with JabRef 2.7.
% Encoding: MacRoman

@ARTICLE{ArbarcaCarreraetal:2007,
  author = {E. Abarca and J. Carrera and X. S\'anchez-Vila and M. Dentz},
  title = {Anisotropic dispersive {H}enry problem},
  journal = {Adv. Wat. Resour.},
  year = {2007},
  volume = {30},
  pages = {913-926}
}

@ARTICLE{AckererYounes:2008,
  author = {P. Ackerer and A. Younes},
  title = {Efficient approximations for the simulation of density driven flow
	in porous media},
  journal = {Adv. Wat. Resour.},
  year = {2008},
  volume = {31},
  pages = {15-27}
}

@ARTICLE{AckererYounesMancip:2004,
  author = {P. Ackerer and A. Younes and M. Mancip},
  title = {A new coupling algorithm for density-driven flow in porous media},
  journal = {Geophys. Res. Lett.},
  year = {2004},
  volume = {31},
  pages = {1-4}
}

@ARTICLE{AckererYounesMose:1999,
  author = {P. Ackerer and A. Younes and R. Mose},
  title = {Modeling Variable Density Flow and Solute Transport in Porous Medium:
	1. {N}umerical Model and Verification},
  journal = {Transport Porous Med.},
  year = {1999},
  volume = {35},
  pages = {345-373}
}

@ARTICLE{AckererYounesOswaldKinzelbach:2000,
  author = {P. Ackerer and A. Younes and S.E. Oswald and W. Kinzelbach},
  title = {On modelling of density driven flow},
  journal = {Calibration and Reliability in Groundwater Modelling (Proceedings
	of the {M}odel{CARE} 99 Conference held at {Z}urich, {S}witzerland,
	{S}eptember 1999)},
  year = {2000},
  volume = {IAHS Publ. No. 265},
  pages = {377-384}
}

@ARTICLE{Dawson:2001,
  author = {V. Aizinger and C. Dawson and B. Cockburn and P. interior},
  title = {The local discontinuous {G}alerkin method for contaminant transport},
  journal = {Adv. Wat. Resour.},
  year = {2001},
  volume = {24},
  pages = {73-87}
}

@ARTICLE{AizingerDawson:2001,
  author = {V. Aizinger and C. Dawson and B. Cockburn and P. Castillo},
  title = {The local discontinuous {G}alerkin method for contaminant transport},
  journal = {Adv. Wat. Resour.},
  year = {2001},
  volume = {24},
  pages = {73-87}
}

@ARTICLE{Arnold:1982,
  author = {D.N. Arnold},
  title = {An interior penalty finite element method with discontinuous elements},
  journal = { SIAM J. Numer. Anal.},
  year = {1982},
  volume = {4},
  pages = {742-760}
}

@ARTICLE{ArnoldBrezzietall:2002,
  author = {D.N. Arnold and F. Brezzi and B. Cockburn and L.D. Marini},
  title = {Unified Analysis of Discontinuous {G}alerkin Methods For Elliptic
	Problems},
  journal = {SIAM J. Numer. Anal.},
  year = {2002},
  volume = {39},
  pages = {1749-1779},
  number = {5}
}

@ARTICLE{Babuska:1973,
  author = {I. Babu{\v s}ka},
  title = {The finite element method with inner penalty},
  journal = {Math. Comp.},
  year = {1973},
  volume = {27},
  pages = {221-228}
}

@ARTICLE{BabuskaBaumannOden:1999,
  author = {I. Babu{\v s}ka and C.E. Baumann and J.T. Oden},
  title = {A discontinuous hp finite element method for diffusion problems:
	1-d analysis},
  journal = {Comput. Math. Appl.},
  year = {1999},
  volume = {37},
  pages = {103-122},
  number = {9}
}

@ARTICLE{BabuskaZlamal:1973,
  author = {I. Babu{\v s}ka and M. Zl{\' a}mal},
  title = {Nonconforming elements in the finite element method with penalty},
  journal = {SIAM J. Numer. Anal.},
  year = {1973},
  volume = {10},
  pages = {863-875}
}

@TECHREPORT{petsc-user-ref,
  author = {Satish Balay and Jed Brown and and Kris Buschelman and Victor Eijkhout
	and William D. Gropp and Dinesh Kaushik and Matthew G. Knepley and
	Lois Curfman McInnes and Barry F. Smith and Hong Zhang},
  title = {{PETS}c Users Manual},
  institution = {Argonne National Laboratory},
  year = {2011},
  number = {ANL-95/11 - Revision 3.2}
}

@MISC{petsc-web-page,
  author = {Satish Balay and Jed Brown and Kris Buschelman and William D. Gropp
	and Dinesh Kaushik and Matthew G. Knepley and Lois Curfman McInnes
	and Barry F. Smith and Hong Zhang},
  title = {{PETSc} {W}eb page},
  year = {2012},
  note = {http://www.mcs.anl.gov/petsc}
}

@INPROCEEDINGS{petsc-efficient,
  author = {Satish Balay and William D. Gropp and Lois Curfman McInnes and Barry
	F. Smith},
  title = {Efficient Management of Parallelism in Object Oriented Numerical
	Software Libraries},
  booktitle = {Modern Software Tools in Scientific Computing},
  year = {1997},
  editor = {E. Arge and A. M. Bruaset and H. P. Langtangen},
  pages = {163--202},
  publisher = {Birkh{\"{a}}user Press}
}

@ARTICLE{BassiRebay:1997,
  author = {F. Bassi and S. Rebay},
  title = {A High-Order Accurate Discontinuous Finite Element Method for the
	Numerical Solution of the Compressible {N}avier-{S}tokes Equations},
  journal = {J. Comput. Phys.},
  year = {1997},
  volume = {131},
  pages = {267-279}
}

@TECHREPORT{Bastionetal:2001,
  author = {P. Bastian and K. Birken and K. Johannsen and S. Lang and V. Reichenberger
	and C. Wieners and G. Wittum},
  title = {High-accuracy simulation of Density Driven Flow in Porous Media},
  institution = {University Heidelberg},
  year = {2001}
}

@ARTICLE{Bastion:200?,
  author = {P. Bastion},
  title = {Higher Order Discontinuous {G}alerkin Methods for Flow and Transport
	in Porous Media},
  journal = {Technical Note},
  year = {200?},
  volume = {24},
  pages = {73-87}
}

@PHDTHESIS{Baumann:1998,
  author = {C.E. Baumann},
  title = {An h-p Adaptive Discontinuous Finite Element Method of Computational
	Fluid Dynamics},
  school = {The University of Texas at Austin, Austin},
  year = {1997}
}

@ARTICLE{BaumannOden:1999,
  author = { C.E. Baumann and J.T. Oden},
  title = {A discontinuous {\textit{hp} }finite element method for convection-diffusion
	problems},
  journal = {Comp. Meth. Appl. Mech. Eng.},
  year = {1999},
  volume = {175},
  pages = {311-341}
}

@INCOLLECTION{eltit,
  author = {Bear, J.},
  title = {Sea Water Intrusion into Coastal Aquifers},
  booktitle = {Encyclopedia of Hydrological Sciences},
  publisher = {John Wiley \& Sons, Ltd},
  year = {2006},
  editor = { M. Anderson},
  chapter = {157}
}

@BOOK{Bear:1972,
  title = {Dynamics of Fluids in Porous Media},
  publisher = {American Elsevier Publishing Company, Inc.},
  year = {1972},
  author = {J. Bear}
}

@BOOK{Bear:2010,
  title = {Theory and Applications of Transport in Porous Media: Modeling Groundwater
	Flow and Contaminant Transport},
  publisher = {Springer},
  year = {2010},
  author = {J. Bear and A.H.-D. Cheng}
}

@INPROCEEDINGS{BearZhouBensabat:2001,
  author = {J. Bear and Q. Zhou and J. Bensabat},
  title = {Three Dimensional Simulation of Seawater Intrusion in Heterogeous
	Aquifers, with Application to the Coastal Aquifer of {I}srael},
  booktitle = {First International Conference on Saltwater Intrusion and Coastal
	Aquifers - Monitoring, Modeling, and Management. Essaouira, Morocco},
  year = {2001},
  month = {April}
}

@ARTICLE{Bobba:1993,
  author = {A.G. Bobba},
  title = {Mathematical Models for Saltwater Intrusion in Coastal Aquifers},
  journal = {Water Resour. Manag.},
  year = {1993},
  volume = {7},
  pages = {3-37}
}

@ARTICLE{Boufadel:1997,
  author = {M.C. Boufadel and M.T. Suidan and A.D. Venosa},
  title = {Density-dependent flow in one-dimensional variably-saturated media},
  journal = {J. Hydrol.},
  year = {1997},
  volume = {202},
  pages = {280-301}
}

@ARTICLE{Brezzi_etal:2006,
  author = {F. Brezzi and B. Cockburn and L.D. Marini and E. S\"uli},
  title = {Stabilization mechanisms in discontinuous {G}alerkin finite element
	methods},
  journal = {Comp. Meth. Appl. Mech. Eng.},
  year = {2006},
  volume = {195},
  pages = {3293-3310}
}

@ARTICLE{Brooks:1982,
  author = {A. N. Brooks and T. J. R. Hughes},
  title = {Streamline upwind/Petrov-Galerkin formulations for convection dominated
	flows with particular emphasis on the incompressible Naviar-Stokes
	equations},
  journal = {Comput. Methods Appl. Mech. Engrg.},
  year = {1982},
  volume = {32},
  pages = {199-259},
  owner = {povichtj},
  timestamp = {2012.02.26}
}

@ARTICLE{Buffa_etal:2007,
  author = {A. Buffa and T.J.R. Hughes and G. Sangalli},
  title = {Analysis of a Multiscale Discontinuous {G}alerkin Method for Convection-Diffusion
	Problems},
  journal = {SIAM J. Numer. Anal.},
  year = {2007},
  volume = {44},
  pages = {1420-1440},
  number = {4}
}

@ARTICLE{BuesOltean:2000,
  author = {M.A. Bu{\`e}s and C. Oltean},
  title = {Numerical Simulations for Saltwater Intrusion by the Mixed Hybrid
	Finite Element Method and Discontinuous Finite Element Method},
  journal = {Transport. Porous. Med.},
  year = {2000},
  volume = {40},
  pages = {171-200}
}

@ARTICLE{carlston:1963,
  author = {C. W. Carlston},
  title = {An Early American Statement of the Badon Ghyben-Herzberg Principle
	of Static Fresh-Water-Salt-Water Balance},
  journal = {American Journal of Science},
  year = {1963},
  volume = {261},
  pages = {88-91},
  owner = {timothypovich},
  review = {Discusses the priority of Dr. Joseph Du Commun in developing the ideas
	behind the Badon Ghyben-Herzberg Principle (1828). Also, talks about
	the development of ideas of hydro-dynamic equilibrium with a transition
	zone between salt water and fresh water in the 1940's and 1950's
	and the development of Henry's problem in the early 1960's.},
  timestamp = {2011.09.21}
}

@ARTICLE{Castillo:2002,
  author = {P. Castillo},
  title = {Performance of Discontinuous {G}alerkin Methods for Elliptic {PDE}s},
  journal = {SIAM J. Sci. Comput.},
  year = {2002},
  volume = {24},
  pages = {524-547},
  number = {2}
}

@ARTICLE{CastilloCockburnetal:2000,
  author = {P. Castillo and B. Cockburn and I. Perugia and D. Sch\"otzau},
  title = {An a priori analysis of the local discontinuous {G}alerkin method
	for elliptic problems},
  journal = { SIAM J. Numer. Anal.},
  year = {2001},
  volume = {38},
  pages = {1676-1706}
}

@ARTICLE{castillo2002optimal,
  author = {Castillo, P. and Cockburn, B. and Sch\"otzau, D. and Schwab, C.},
  title = {Optimal a priori error estimates for the {\textit{hp}}-version of
	the local discontinuous {G}alerkin method for convection-diffusion
	problems},
  journal = {Math. Comput.},
  year = {2002},
  volume = {71},
  pages = {455--478},
  number = {238}
}

@TECHREPORT{Cheng:2010,
  author = {Jing-Ru C. Cheng and Hwai-Ping Cheng and Matthew W. Farthing and
	Christopher Kees},
  title = {Computing Locally-Mass-Conservative Fluxes from Multi-dimensional
	Finite Element Flow Simulations},
  institution = {ERDC TN-SWWRP-10-4},
  year = {2010},
  address = {Vicksburg, MS: U.S. Army Engineer Research and Development Center.},
  owner = {povichtj},
  timestamp = {2012.03.21}
}

@ARTICLE{Langevin:2005,
  author = {Christian Langevin, Eric Swain, Melinda Wolfert},
  title = {Simulation of integrated surface-water/ground-water flow and salinity
	for a coastal wetland and adjacent esturary},
  journal = {J. Hydro.},
  year = {2005},
  volume = {314},
  pages = {212-234}
}

@INPROCEEDINGS{CockburnDawson:2000,
  author = {B. Cockburn and C. Dawson},
  title = {Some extensions of the local discontinuous {G}alerkin method for
	convection-diffusion equations in multidimensions},
  booktitle = {The Proceedings of the Conference on the Mathematics of Finite Elements
	and Applications: MAFELAP X},
  year = {2000},
  editor = {J. Whiteman},
  address = {Amsterdam},
  publisher = {Elsevier}
}

@ARTICLE{cockburn1990runge,
  author = {B. Cockburn and S. Hou and C.-W. Shu},
  title = {The {R}unge-{K}utta local projection discontinuous {G}alerkin finite
	element method for conservation laws {IV}: The multidimensional case},
  journal = {Math. Comp.},
  year = {1990},
  volume = {54},
  pages = {545-581},
  number = {190}
}

@ARTICLE{cockburn1989tvb,
  author = {B. Cockburn and S.-Y. Lin and C.-W. Shu},
  title = {{TVB} {R}unge-{K}utta local projection discontinuous {G}alerkin finite
	element method for conservation laws {III}: One-dimensional systems},
  journal = {J. Comp. Phys.},
  year = {1989},
  volume = {84},
  pages = {90-113},
  number = {1}
}

@ARTICLE{cockburn1998runge,
  author = {B. Cockburn and C.-W. Shu},
  title = {The {R}unge-{K}utta local projection discontinuous {G}alerkin finite
	element method for conservation laws {V}: Multidimensional Systems},
  journal = {J. Comp. Phys.},
  year = {1998},
  volume = {141},
  pages = {199-224}
}

@ARTICLE{CockburnShu:1998,
  author = {B. Cockburn and C.-W. Shu},
  title = {The Local Discontinuous {G}alerkin Methods For Time-Dependent Convection-Diffusion
	Systems},
  journal = {SIAM J. Numer. Anal.},
  year = {1998},
  volume = {35},
  pages = {2440-2463}
}

@ARTICLE{cockburn1991runge,
  author = {B. Cockburn and C.-W. Shu},
  title = {The {R}unge-{K}utta local projection ${P}^1$-discontinuous {G}alerkin
	finite element method for scalar conservation laws},
  journal = {RAIRO Mod{\'e}l. Math. Anal. Num{\'e}r},
  year = {1991},
  volume = {25},
  pages = {337-361},
  number = {3}
}

@ARTICLE{cockburn1989conservation,
  author = {B. Cockburn and C.-W. Shu},
  title = {The {R}unge-{K}utta local projection discontinuous {G}alerkin finite
	element method for Conservation Laws {II}: General Framework},
  journal = {Math. Comp.},
  year = {1989},
  volume = {52},
  pages = {411-435},
  number = {186}
}

@ARTICLE{CroucherOSullivan:1995,
  author = {A.E. Croucher and M.J. O'Sullivan},
  title = {The {H}enry problem for saltwater intrusion},
  journal = {Wat. Resour. Res.},
  year = {1995},
  volume = {18},
  pages = {159-170}
}

@ARTICLE{Dawson:2006,
  author = {C. Dawson},
  title = {Analysis of Discontinuous Finite Element Methods for Groundwater/Surface
	Water Coupling},
  journal = {SIAM J. Numer. Anal.},
  year = {2006},
  volume = {44},
  pages = {1375-1404},
  number = {4}
}

@ARTICLE{Dawson:2005,
  author = {C. Dawson},
  title = {Coupling local discontinuous and continuous {G}alerkin methods for
	flow problems},
  journal = {Adv. Wat. Resour.},
  year = {2005},
  volume = {28},
  pages = {729-744}
}

@ARTICLE{Dawson:2002,
  author = {C. Dawson},
  title = {The $\mathcal{P}^{k+1}-\mathcal{S}^K$ Local Discontinuous Galerkin
	Method for Elliptic Equations},
  journal = {SIAM J. Numer. Anal.},
  year = {2002},
  volume = {40},
  pages = {2151-2170},
  number = {6}
}

@ARTICLE{dawson1998analysis,
  author = {C. Dawson},
  title = {Analysis of an upwind-mixed finite element method for nonlinear contaminant
	transport equations},
  journal = {SIAM J. Num. Anal.},
  year = {1998},
  volume = {35},
  pages = {1709--1724},
  number = {5}
}

@ARTICLE{dawson1993godunov,
  author = {C. Dawson},
  title = {Godunov-mixed methods for advection-diffusion equations in multidimensions},
  journal = {SIAM J. Num. Anal.},
  year = {1993},
  volume = {30},
  pages = {1315--1332},
  number = {5}
}

@ARTICLE{dawson1991godunov,
  author = {C.N. Dawson},
  title = {Godunov-mixed methods for advective flow problems in one space dimension},
  journal = {SIAM J. Num. Anal.},
  year = {1991},
  volume = {28},
  pages = {1282-1309},
  number = {5}
}

@ARTICLE{DawsonProft:2001,
  author = {C. Dawson and J. Proft},
  title = {\textit{A Priori} Estimates for Interior Penalty Versions of the
	Local Discontinuous {G}alerkin Method Applied to Transport Equations},
  journal = {Num. Meth. Part. D. E.},
  year = {2001},
  volume = {17},
  pages = {545-564},
  number = {6}
}

@ARTICLE{DawsonSunWheeler:2004,
  author = {C. Dawson and S. Sun and M.F. Wheeler},
  title = {Compatible algorithms for coupled flow and transport},
  journal = {Comput. Method. Appl. M.},
  year = {2004},
  volume = {193},
  pages = {2565-2580}
}

@ARTICLE{superlu99,
  author = {James W. Demmel and Stanley C. Eisenstat and John R. Gilbert and
	Xiaoye S. Li and Joseph W. H. Liu},
  title = {A supernodal approach to sparse partial pivoting},
  journal = {SIAM J. Matrix Analysis and Applications},
  year = {1999},
  volume = {20},
  pages = {720-755},
  number = {3}
}

@ARTICLE{Dentz:2006,
  author = {M. Dentz and D.M. Tartakovsky and E. Abarca and A. Guadagnini and
	X. Sanchez-Vila and J. Carrera},
  title = {Variable-density flow in porous media},
  journal = {J. Fluid. Mech.},
  year = {2006},
  volume = {561},
  pages = {209-235}
}

@ARTICLE{Diersch:2005,
  author = {H.J-G. Diersch},
  title = {{FEFLOW} finite element subsurface flow and transport simulation
	system},
  journal = {Reference manual. Berlin, Germany: WASY GmbH},
  year = {2005},
  owner = {povichtj},
  timestamp = {2012.02.27}
}

@ARTICLE{Diersch:2002,
  author = {H.-J.G Diersch},
  title = {{FEFLOW} finite element subsurface flow and transport simulation
	system - {U}ser's manual/reference manual/white papers. {R}elease
	5.0.},
  journal = {WASY Ltd, Berlin},
  year = {2002}
}

@ARTICLE{DierschKolditz:2002,
  author = {H.-J.G. Diersch and O. Kolditz},
  title = {Variable-density flow and transport in porous media: {A}pproaches
	and challenges},
  journal = {Adv. Wat. Resour.},
  year = {2002},
  volume = {25},
  pages = {899-944}
}

@ARTICLE{DouglasDupont:1976,
  author = {J. Douglas and T. Dupont},
  title = {Interior penalty procedures for elliptic and parabolic {G}alerkin
	methods},
  journal = { Lecture Notes in Physics},
  year = {1976},
  volume = {58},
  pages = {207-216}
}

@ARTICLE{Elder:1967a,
  author = {J.W. Elder},
  title = {Steady free convection in a porous medium heated from below},
  journal = {J. Fluid. Mech.},
  year = {1967},
  volume = {27},
  pages = {29-48}
}

@ARTICLE{Elder:1967b,
  author = {J.W. Elder},
  title = {Transient convection in a porous medium},
  journal = {J. Fluid. Mech.},
  year = {1967},
  volume = {27},
  pages = {609-623}
}

@ARTICLE{Essink:2001,
  author = {G.H.P. Oude Essink},
  title = {Salt Water Intrusion in a Three-dimensional Groundwater System in
	The {N}etherlands: A Numerical Study},
  journal = {Trans. Porous. Med.},
  year = {2001},
  volume = {43},
  pages = {137-158}
}

@ARTICLE{Essink:2001_review,
  author = {G.H.P. Oude Essink},
  title = {Improving fresh groundwater supply - problems and solutions},
  journal = {Ocean Coast. Manage.},
  year = {2001},
  volume = {44},
  pages = {429-449}
}

@ARTICLE{Farthing:2009,
  author = {Farthing, M.W. and C. E. Kees},
  title = {Evaluating Finite Element Methods for the Level Set Equation.},
  journal = {Technical Report TR-09-11, USACE Engineer Research and Development
	Center},
  year = {2009}
}

@ARTICLE{Farthing_etal:2004,
  author = {Farthing, M. W. and C.E. Kees and C.T. Miller},
  title = {Mixed finite element methods and higher order temporal approximations
	for variably saturated groundwater flow},
  journal = {Adv. Wat. Resour.},
  year = {2004},
  volume = {27},
  pages = {373-394},
  owner = {povichtj},
  timestamp = {2012.02.25}
}

@TECHREPORT{Fein:1998,
  author = {Fein, E},
  title = {D3f {-} {E}in {P}rogrammpaket zur {M}odellierung von {D}ichtestr\"omungen.},
  institution = {GRS, Braunschweig},
  year = {1998},
  type = {GRS-139},
  number = {ISBN 3-923875-97-5},
  owner = {timothypovich},
  timestamp = {2014.02.05}
}

@ARTICLE{Feseker:2007,
  author = {T. Feseker},
  title = {Numerical Studies on saltwater intrusion in a coastal aquifer in
	northwestern {G}ermany},
  journal = {Hydrogeol. J.},
  year = {2007},
  volume = {15},
  pages = {267-279}
}

@ARTICLE{Fortinetal:2009,
  author = {M. Fortin and A. Fortin and K. Benmoussa and C. Tibirna},
  title = {A reformulation of the {L}esaint-{R}aviart discontinuous {G}alerkin
	method for advection equations},
  journal = {International Journal for Numerical Methods in Biomedical Engineering},
  year = {2009},
  volume = {26},
  pages = {1343-1350}
}

@ARTICLE{Franca:2006,
  author = {Franca, L. P. and G. Hauke and A. Masud},
  title = {Revisiting stabilized finite element methods for the advective-diffusive
	equation},
  journal = {Comput. Methods Appl. Mech. Engrg.},
  year = {2006},
  volume = {195},
  pages = {1560-1572},
  owner = {povichtj},
  timestamp = {2012.02.27}
}

@INCOLLECTION{Frolkovic:1998,
  author = {P. Frolkovic\v{c}},
  title = {Consistent Velocity Approximation for Density Driven Flow and Transport},
  booktitle = {Advanced Computational Methods in Engineering, Part 2.},
  publisher = {Maastricht: Shaker Publishing},
  year = {1998},
  editor = {R Van Keer et al.},
  pages = {603-611}
}

@ARTICLE{GoswamiClement:2007,
  author = {R.R. Goswami and T.P. Clement},
  title = {Laboratory-scale investigation of saltwater intrusion dynamics},
  journal = {Water. Resour. Res.},
  year = {2007},
  volume = {43},
  pages = {1-11}
}

@article{guermond1997resultat,
  title={Un r{\'e}sultat de convergence d'ordre deux pour l'approximation des {\'e}quations de Navier-Stokes par projection incr{\'e}mentale},
  author={Guermond, Jean-Luc},
  journal={Comptes Rendus de l'Acad{\'e}mie des Sciences-Series I-Mathematics},
  volume={325},
  number={12},
  pages={1329--1332},
  year={1997},
  publisher={Elsevier}
}

@article{guermond2004error,
  title={On the error estimates for the rotational pressure-correction projection methods},
  author={Guermond, J and Shen, Jie},
  journal={Mathematics of Computation},
  volume={73},
  number={248},
  pages={1719--1737},
  year={2004}
}

@article{guermond2009splitting,
  title={A splitting method for incompressible flows with variable density based on a pressure Poisson equation},
  author={Guermond, J-L and Salgado, Abner},
  journal={Journal of Computational Physics},
  volume={228},
  number={8},
  pages={2834--2846},
  year={2009},
  publisher={Elsevier}
}

@article{guermond2011error,
  title={Error analysis of a fractional time-stepping technique for incompressible flows with variable density},
  author={Guermond, J-L and Salgado, Abner J},
  journal={SIAM Journal on Numerical Analysis},
  volume={49},
  number={3},
  pages={917--944},
  year={2011},
  publisher={SIAM}
}

@ARTICLE{Hassanizadeh:1988,
  author = {S.M. Hassanizadeh},
  title = {Modeling Species Transport by Concentrated Brine in Aggregated Porous
	Media},
  journal = {Transport Porous Med.},
  year = {1988},
  volume = {3},
  pages = {299-318}
}

@ARTICLE{HassanizadehLeijnse:1995,
  author = {S.M. Hassanizadeh and T. Leijnse},
  title = {A non-linear theory of high-concentration-gradient dispersion in
	porous media},
  journal = {Adv. Water Res.},
  year = {1995},
  volume = {18},
  pages = {203-215}
}

@ARTICLE{Henry:1964,
  author = {H.R. Henry},
  title = {Effects of dispersion on salt encroachment in coastal aquifers, Sea
	Water in Coastal Aquifers},
  journal = {U.S. Geological Survey Water Supply Paper},
  year = {1964},
  volume = {1613-C}
}

@ARTICLE{HerbertJacksonLever:1988,
  author = {A.W. Herbert and C.P. Jackson and D.A. Lever},
  title = {Coupled Groundwater Flow and Solute Transport With Fluid Density
	Strongly Dependent Upon Concentration},
  journal = {Water. Resour. Res.},
  year = {1988},
  volume = {24},
  pages = {1781-1795},
  number = {10}
}

@BOOK{Holzbecher:1998,
  title = {Modeling Density-Driven Flow in Porous Media},
  publisher = {Springer},
  year = {1998},
  author = {E. Holzbecher}
}

@ARTICLE{Hughes_etal:1998,
  author = {Hughes, T. and G. Feij\'oo and L. Mazzei and J. Quincy},
  title = {The variational multiscale method- a pardigm for computational mechanics},
  journal = {Comput. Methods Appl. Mech.},
  year = {1998},
  volume = {166},
  pages = {3-24},
  owner = {povichtj},
  timestamp = {2012.02.25}
}

@ARTICLE{Hughes_etal:1986,
  author = {Hughes, T. J. R. and M. Mallet and A. Mizukami},
  title = {A new finite element formulation for computational fluid dynamics:
	{II}. beyond SUPG.},
  journal = {Computer Methods in Applied Mechanics and Engineering},
  year = {1986},
  volume = {54},
  pages = {341-355},
  owner = {povichtj},
  timestamp = {2012.02.26}
}

@ARTICLE{Huyakorn:1987,
  author = {P.S. Huyakorn and P.F. Andersen and J.W. Mercer and H.O. White Jr.},
  title = {Saltwater Intrusion in Aquifers: Development and Testing of a Three-Dimensional
	Finite Element Model},
  journal = {Water. Resour. Res.},
  year = {1987},
  volume = {23},
  pages = {293-312},
  number = {2}
}

@ARTICLE{Johannsen:2006,
  author = {K. Johannsen and W. Kinzelback and S.E. Oswald and R. Held},
  title = {Numerical simulation of three-dimensional saltwater-freshwater fingering
	instabilities observed in a porous medium},
  journal = {Adv. Wat. Resour.},
  year = {2006},
  volume = {29},
  pages = {1690-1704}
}

@ARTICLE{Johannsen:2002,
  author = {K. Johannsen and W. Kinzelback and S.E. Oswald and G. Wittum},
  title = {The saltpool benchmark problem - numerical simulation of saltwater
	upconing in a porous medium},
  journal = {Adv. Wat. Resour.},
  year = {2002},
  volume = {25},
  pages = {335-348}
}

@ARTICLE{Kees:2008,
  author = {C. Kees and M. Farthing and C. Dawson},
  title = {Locally conservative, stabilized finite element methods for variably
	saturated flow.},
  journal = {Computational Methods in Applied Mechanics and Engineering},
  year = {2008},
  volume = {197},
  pages = {4610-4625}
}

@INPROCEEDINGS{Kees:2011,
  author = {C. E. Kees and M. W. Farthing},
  title = {Parallel Computational Methods and Simulation for Coastal and Hydraulic
	Applications Using the Proteus Toolkit},
  booktitle = {Supercomputing11: Proceedings of the PyHPC11 Workshop},
  year = {2011},
  owner = {povichtj},
  timestamp = {2012.03.25}
}

@ARTICLE{KerrouRenard:2010,
  author = {J. Kerrou and P. Renard},
  title = {A numerical analysis of dimensionality and heterogeneity effects
	on advective dispersive seawater intrusion processes},
  journal = {Hydrogeol. J.},
  year = {2010},
  volume = {18},
  pages = {55-72}
}

@INCOLLECTION{Knabner:1996,
  author = {P. Knabner and P. Frolkovi\v{c}},
  title = {Consistent Velocity Approximation for Finite Volume or Element Discretizations
	of Density Driven Flow in Porous Media},
  booktitle = {Computational Methods in Water Resources XI, vol 1: Computational
	methods in subsurface flow and transport problems.},
  publisher = {Southhampton: Computational Mechanics Publication},
  year = {1996},
  editor = {A.A. Aldama et al.},
  pages = {340-352}
}

@ARTICLE{Kolditz:1998,
  author = {O. Kolditz and R. Ratke and H.-J.G. Diersch and W. Zielke},
  title = {Coupled groundwater flow and transport: 1. {V}erification of variable
	density flow and transport models},
  journal = {Adv. Wat. Resour.},
  year = {1987},
  volume = {21},
  pages = {27-46},
  number = {1}
}

@ARTICLE{KonikowSanfordCampbell:1997,
  author = {L.F. Konikow and W.E. Sanford and P.J. Campbell},
  title = {Constant-concentration boundary condition: Lessons from the {HYDROCOIN}
	variable-density groundwater benchmark problem},
  journal = {Water. Resour. Res.},
  year = {1997},
  volume = {33},
  pages = {2253-2261},
  number = {10}
}

@ARTICLE{Kopsiaftis:2009,
  author = {G. Kopsiaftis and A. Mantoglou and P. Giannoulopoulos},
  title = {Variable density coastal aquifer models with application to an aquifer
	on {T}hira {I}sland},
  journal = {Desalination},
  year = {2009},
  volume = {237},
  pages = {65-80}
}

@ARTICLE{Langevin:2003,
  author = {C.D. Langevin},
  title = {Simulation of submarine groundwater discharge to a marine estuary:
	{B}iscayne {B}ay, {F}lorida},
  journal = {Ground Water},
  year = {2003},
  volume = {41},
  pages = {758-771},
  number = {6}
}

@ARTICLE{LangevinGuo:2002,
  author = {C.D. Langevin and W. Guo},
  title = {User's Guide to {SEAWAT}: A Computer Program for Simulation of Three-Dimensional
	Variable Density Ground-Water Flow},
  journal = {US Geol. Surv. Water Resour. Invest.; (6, A7)},
  year = {2002}
}

@ARTICLE{LarsonNiklasson:2004,
  author = {M. Larson and A. Niklasson},
  title = {A conservative flux for the continuous {G}alerkin method based on
	discontinuous enrichment},
  journal = {CALCOLO},
  year = {2004},
  volume = {41},
  pages = {65-76}
}

@ARTICLE{LeeCheng:1974,
  author = {C.H. Lee and R.T.-S. Cheng},
  title = {On Seawater Encroachment in Coastal Aquifers},
  journal = {Wat. Resour. Res.},
  year = {1974},
  volume = {10},
  pages = {1039-1043},
  number = {5}
}

@INCOLLECTION{LesaintRaviart:1974,
  author = {P. Lesaint and P.A. Raviart},
  title = {On a finite element method for solving the neutron transport equation},
  booktitle = {Mathematical Aspects of Finite Elements in Partial Differential Equations},
  publisher = {Academic Press, New York},
  year = {1974},
  editor = {C. de Boor},
  pages = {89-145}
}

@TECHREPORT{LeverJackson:1985,
  author = {D.A. Lever and C.P. Jackson},
  title = {On the equations for the flow of concentrated salt solution through
	a porous medium},
  institution = {U.K. DOE Report},
  year = {1985},
  number = {DOE/RW/85.100}
}

@ARTICLE{lidemmel03,
  author = {Xiaoye S. Li and James W. Demmel},
  title = {{SuperLU{\_}DIST}: A Scalable Distributed-Memory Sparse Direct Solver
	for Unsymmetric Linear Systems},
  journal = {ACM Trans. Mathematical Software},
  year = {2003},
  volume = {29},
  pages = {110-140},
  number = {2},
  month = {June}
}

@TECHREPORT{Lin:1997,
  author = {Lin,H.-C. and D. R. Richards and G.-T. Yeh and J.-R. C. Cheng and
	H.-P. Cheng and N. L. Jones.},
  title = {FEMWATER: A Three-Dimensional Finite Element Computer Model for Simulating
	Density-Dependent Flow and Transport in Variably Saturated Media},
  institution = {U.S. Army Research \& Development Center.},
  year = {1997},
  type = {Report CHL-97-12},
  owner = {povichtj},
  timestamp = {2012.02.27}
}

@ARTICLE{LinSnodsmithZheng:2009,
  author = {J. Lin and J. Snodsmith and C. Zheng and Jianfeng Wu},
  title = {A modeling study of seawater intrusion in {A}labama {G}ulf {C}oast,
	{USA}},
  journal = {Environ. Geol.},
  year = {2009},
  volume = {57},
  pages = {119-130}
}

@INCOLLECTION{Lions:1968,
  author = {J.-L. Lions},
  title = {Probl{\`e}mes aux limites non homog{\`e}nes {\`a} don{\'e}es irr{\'e}gulie{\`r}es:
	{U}ne m{\'e}thode d'approximation},
  booktitle = {Numerical Analysis of Partial Differential Equations (C.I.M.E. 2
	Ciclo, Ispra, 1967)},
  publisher = {Edizioni Cremonese, Rome},
  year = {1968},
  pages = {283-292}
}

@ARTICLE{Mahesha:2009,
  author = {A. Mahesha},
  title = {Conceptual Model for the Safe Withdrawal of Freshwater from Coastal
	Aquifers},
  journal = {Journal of Environmental Engineering},
  year = {October 2009},
  volume = {135},
  pages = {980-988},
  number = {10}
}

@ARTICLE{MazziaPutti:2002,
  author = {A. Mazzia and M. Putti},
  title = {Mixed-finite element and finite volume discretizations for heavy
	brine simulations in groundwater},
  journal = {J. Comput. Appl. Math.},
  year = {2002},
  volume = {147},
  pages = {191-213}
}

@ARTICLE{MisutVoss:2007,
  author = {P.E. Misut and C.I. Voss},
  title = {Freshwater-saltwater transition zone movement during aquifer storage
	and recovery cycles in {B}rooklyn and {Q}ueens, {N}ew {Y}ork {C}ity,
	{USA}},
  journal = {J. Hydro.},
  year = {2007},
  volume = {337},
  pages = {87-103}
}

@ARTICLE{MotzSedighi:2009,
  author = {L. Motz and A. Sedighi},
  title = {Representing the Coastal Boundary Condition in Regional Groundwater
	Flow Models},
  journal = {J. Hydrol. Eng.},
  year = {2009},
  volume = {14},
  pages = {821-831}
}

@TECHREPORT{NEA:1988,
  author = {NEA},
  title = {The international HYDROCOIN Project, level 1 code verification},
  institution = {Swedish Nuclear Power Inspectorate and OECD/Nuclear Energy Agency},
  year = {1988},
  address = {Paris},
  owner = {povichtj},
  timestamp = {2012.02.28}
}

@ARTICLE{Nitsche:1971,
  author = {J. A. Nitsche},
  title = {{\"U}ber ein Variationsprinzip zur L{\"o}sung von {D}irichlet-Problemen
	bei Verwendung von Teilr{\"a}umen, die keinen Randbedingungen unterworfen
	sind},
  journal = {Abhandlungen aus dem Mathematischen Seminar der Universit\:at Hamburg},
  year = {1971},
  volume = {36},
  pages = {9-15}
}

@ARTICLE{OdenBabuskaBaumann:1998,
  author = { J.T. Oden and I. Babu{\v s}ka and C.E. Baumann},
  title = {A discontinuous hp finite element method for diffusion problems},
  journal = {J. Comput. Phys.},
  year = {1998},
  volume = {146},
  pages = {491-519}
}

@ARTICLE{OldenburgPruess:1995,
  author = {C.M. Oldenburg and K. Pruess},
  title = {Dispersive transport dynamics in a strongly coupled groundwater-brine
	flow system},
  journal = {Water. Resour. Res.},
  year = {1995},
  volume = {31},
  pages = {289-302},
  number = {2}
}

@ARTICLE{OlteanBues:2001,
  author = {C. Oltean and M.A. Bu{\`e}s},
  title = {Coupled Groundwater Flow and Transport in Porous Media. A Conservative
	or Non-conservative Form?},
  journal = {Transport Porous Med.},
  year = {2001},
  volume = {44},
  pages = {219-246}
}

@ARTICLE{OswaldKinzelbach:2004,
  author = {S.E. Oswald and W. Kinzelbach},
  title = {Three-dimensional physical benchmark experiments to test variable-density
	flow models},
  journal = {J. Hydro.},
  year = {2004},
  volume = {290},
  pages = {22-44}
}

@ARTICLE{OswaldKinzelbach:2000,
  author = {S.E. Oswald and W. Kinzelbach},
  title = {A three-dimensional physical model for verification of variable-density
	flow codes},
  journal = {Calibration and Reliability in Groundwater Modelling (Proceedings
	of the {M}odel{CARE} 99 Conference held at {Z}urich, {S}witzerland,
	{S}eptember 1999)},
  year = {2000},
  volume = {265},
  pages = {399-404}
}

@INCOLLECTION{Perera_etal:2009,
  author = {E.D.P. Perera and K. Jinno and Y. Hiroshiro and A. Tsutsumi},
  title = {Evaluation of seawater intrusion to a coastal aquifer by developing
	a three dimensional numerical model},
  booktitle = {From Headwaters to the Ocean},
  publisher = {Taylor \& Francis Group, London},
  year = {2009},
  editor = {Taniguchi et al.},
  pages = {231-236}
}

@ARTICLE{perugia:2002,
  author = {I. Perugia and D. Sch{\"o}tzau},
  title = {An hp-analysis of the local discontinuous {G}alerkin method for diffusion
	problems},
  journal = {J. Sci. Comp.},
  year = {2002},
  volume = {17},
  pages = {561-571},
  number = {1}
}

@ARTICLE{PinderCooper:1970,
  author = {G.F. Pinder and H.H. Cooper Jr.},
  title = {A Numerical Technique for Calculating the Transient Position of the
	Saltwater Front},
  journal = {Water. Resour. Res.},
  year = {1970},
  volume = {6},
  pages = {275-882},
  number = {3}
}

@ARTICLE{Post:2005,
  author = {V.E.A. Post},
  title = {Fresh and saline groundwater interaction in coastal aquifers: Is
	our technology ready for the problems ahead?},
  journal = {Hydrogeol. J.},
  year = {2005},
  volume = {13},
  pages = {120-123}
}

@ARTICLE{Post:2010,
  author = {V. Post and E. Abarca},
  title = {Preface: Saltwater and freshwater interactions in coastal aquifers},
  journal = {Hydrogeol. J.},
  year = {2010},
  volume = {18},
  pages = {1-4}
}

@ARTICLE{PostKooiSimmons:2007,
  author = {V. Post and H. Kooi and C. Simmons},
  title = {Using Hydraulic Head Measurements in Variable-Density Ground Water
	Flow Analyses},
  journal = {Ground Water},
  year = {2007},
  volume = {45},
  pages = {664-671}
}

@ARTICLE{PuttiPaniconi:1995,
  author = {M. Putti and C. Paniconi},
  title = {{P}icard and {N}ewton Linearization for the coupled model of saltwater
	intrusion in aquifers},
  journal = {Adv. Wat. Resour.},
  year = {1995},
  volume = {31},
  pages = {1809-1814},
  number = {7}
}

@book{rannacher1992chorin,
  title={On Chorin's projection method for the incompressible Navier-Stokes equations},
  author={Rannacher, Rolf},
  year={1992},
  publisher={Springer}
}

@TECHREPORT{ReedHill:1973,
  author = {W.H. Reed and T.R. Hill},
  title = {Triangular Mesh Methods for the Neutron Transport Equation},
  institution = {Los Alamos Scientific Laboratory},
  year = {1973},
  optaddress = {Los Alamos, NM},
  opttype = {Technical Report LA-UR-73-479}
}

@ARTICLE{Richter:1992,
  author = {G.R. Richter},
  title = {The Discontinuous {G}alerkin Method with Diffusion},
  journal = {Math. Comp.},
  year = {1992},
  volume = {58},
  pages = {631-643},
  number = {198}
}

@BOOK{Riviere:2008,
  title = {Discontinuous {G}alerkin Methods for Solving Elliptic and Parabolic
	Equations: Theory and Implementation},
  publisher = {SIAM},
  year = {2008},
  author = {B. Rivi\`ere},
  address = {Philadelphia}
}

@ARTICLE{RiviereWheeler:2002,
  author = {B. Rivi\`ere and M.F. Wheeler},
  title = {Discontinuous {G}alerkin methods for flow and transport problems
	in porous media},
  journal = {Commun. Numer. Meth. En.},
  year = {2002},
  volume = {18},
  pages = {63-68}
}

@ARTICLE{RiviereWheelerGirault:2001,
  author = {B. Rivi\`ere and M.F. Wheeler and V. Girault},
  title = {A priori error estimates for finite element methods based on discontinuous
	approximation spaces for elliptic problems},
  journal = {SIAM J. Numer. Anal.},
  year = {2001},
  volume = {39},
  pages = {902-931}
}

@ARTICLE{RiviereWheelerGirault:1999,
  author = {B. Rivi\`ere and M.F. Wheeler and V. Girault},
  title = {Improved energy estimates for interior penalty, constrained and discontinuous
	{G}alerkin methods for elliptic problems. Part {I}},
  journal = {Comp. Geo.},
  year = {1999},
  volume = {3},
  pages = {337-360}
}

@ARTICLE{Frolkovic:2001,
  author = {P. Frolkovicand H. De Schepper},
  title = {Numerical modeling of convection dominated transport coupled with
	density driven flow in porous media},
  journal = {Adv. Wat. Resour.},
  year = {2001},
  volume = {24},
  pages = {63-72}
}

@ARTICLE{Schotting_etal:1999,
  author = {R.J. Schotting and H. Moser and S.M. Hassanizadeh},
  title = {High-concentration-gradient dispersion in porous media: experiments,
	analysis and approximations},
  journal = {Adv. Water Res.},
  year = {1999},
  volume = {22},
  pages = {665-680}
}

@ARTICLE{Segol:1975,
  author = {G. Segol and G.F. Pinder and W.G. Gray},
  title = {A {G}alerkin-finite element technique for calculating the transient
	position of the saltwater front},
  journal = {Water Resour. Res.},
  year = {1975},
  volume = {11},
  pages = {343--347},
  number = {2}
}

@ARTICLE{SegolPinderGray:1975,
  author = {G. Segol and G.F. Pinder and W.G. Gray},
  title = {A {G}alerkin-Finite Element Technique for Calculating the Transient
	Position of the Saltwater Front},
  journal = {Wat. Resour. Res.},
  year = {1975},
  volume = {11},
  pages = {343-347},
  number = {2}
}

@incollection{shewchuk1996triangle,
  title={Triangle: Engineering a 2D quality mesh generator and Delaunay triangulator},
  author={Shewchuk, Jonathan Richard},
  booktitle={Applied computational geometry towards geometric engineering},
  pages={203--222},
  year={1996},
  publisher={Springer}
}

@ARTICLE{Simmons:2005,
  author = {C.T. Simmons},
  title = {Variable density groundwater flow: From current challenges to future
	possibilities},
  journal = {J. Hydrol.},
  year = {2005},
  volume = {13},
  pages = {116-119}
}

@ARTICLE{Simmons:2001,
  author = {C.T. Simmons and T.R. Fenstemaker and J.M. Sharp Jr..},
  title = {Variable-density groundwater flow and solute transport in heterogeneous
	porous media: approaches, resolutions and future challenges},
  journal = {J. Contam. Hydrol.},
  year = {2001},
  volume = {52},
  pages = {245-275}
}

@ARTICLE{SimmonsNarayanWooding:1999,
  author = {C. Simmons and K. Narayan and R. Wooding},
  title = {On a test case for density-dependent groundwater flow and solute
	transport models: The salt lake problem},
  journal = {Water. Resour. Res.},
  year = {1999},
  volume = {35},
  pages = {3607-3620},
  number = {12}
}

@ARTICLE{SimpsonClement:2004,
  author = {M.J. Simpson and T.P. Clement},
  title = {Improving the worthiness of the {H}enry Problem as a benchmark for
	density-dependent groundwater flow models},
  journal = {Water. Resour. Res.},
  year = {2004},
  volume = {40},
  pages = {1-11}
}

@ARTICLE{SimpsonClement:2003,
  author = {M. J. Simpson and T.P. Clement},
  title = {Theoretical Analysis of the worthiness of {H}enry and {E}lder problems
	as benchmarks of density-dependent groundwater flow models},
  journal = {Adv. Wat. Resour.},
  year = {2003},
  volume = {26},
  pages = {17-31},
  owner = {timothypovich},
  timestamp = {2012.04.10}
}

@INPROCEEDINGS{SunRiviereWheeler:1999,
  author = {S. Sun and B. Rivi\`ere and M.F. Wheeler},
  title = {A Combined Mixed Finite Element And Discontinuous {G}alerkin Method
	For Miscible Displacement Problem In Porous Media},
  booktitle = {Recent Progress in Computational and Applied PDEs, Conference Proceedings
	for the International Symposium on Computational and Applied PDEs
	held in Zhangjiajie National Park, China},
  year = {2001},
  pages = {321-348},
  editors = {T. F. Chan and et.al.}
}

@INPROCEEDINGS{SunWheeler:2004,
  author = {S. Sun and M.F. Wheeler},
  title = {Mesh adaptation strategies for discontinuous {G}alerkin methods applied
	to reactive transport problems},
  booktitle = {in Proceedings of International Conference on Computing, Communications
	and Control Technologies (CCCT 2004)},
  year = {2006},
  editor = {H.-W. Chu and M. Savoie and B. Sanchez},
  volume = {I},
  pages = {223-228}
}

@ARTICLE{SunWheeler:2006,
  author = {S. Sun and M.F. Wheeler},
  title = {Anisotropic and dynamic mesh adaptation for discontinuous {G}alerkin
	methods applied to reactive transport},
  journal = {Comput. Method. Appl. M.},
  year = {2006},
  volume = {195},
  pages = {3382-3405}
}

@ARTICLE{SunWheeler:2005a,
  author = {S. Sun and M.F. Wheeler},
  title = {Symmetric and Nonsymmetric Discontinuous {G}alerkin Methods for Reactive
	Transport in Porous Media},
  journal = {SIAM J. Numer. Anal.},
  year = {2005},
  volume = {43},
  pages = {195-219},
  number = {1}
}

@ARTICLE{SunWheeler:2005b,
  author = {S. Sun and M.F. Wheeler},
  title = {Discontinuous {G}alerkin methods for coupled flow and reactive transport
	problems},
  journal = {Appl. Numer. Math.},
  year = {2005},
  volume = {52},
  pages = {273-298}
}

@ARTICLE{Vandenbohede:2008,
  author = {A. Vandenbohede and K. Luyten and L. Lebbe},
  title = {Effects of Global Change on Heterogeneous Coastal Aquifers: A Case
	Study in {B}elgium},
  journal = {J. Coastal Res.},
  year = {2008},
  volume = {24},
  pages = {160-170}
}

@ARTICLE{Voss:1984,
  author = {C.I. Voss},
  title = {A finite-element simulation model for saturated-unsaturated fluid-density-dependent
	ground-water flow with energy transport or chemically-reactive single-species
	solute transport},
  journal = {US Geol. Surv. Water Resour. Invest. (Rep 84-4369)},
  year = {1984}
}

@ARTICLE{VossSimmonsRobinson:2010,
  author = {C.I. Voss and C.T. Simmons and N.I. Robinson},
  title = {Three-dimensional benchmark for variable-density flow and transport
	simulation: matching semi-analytical stability modes for steady unstable
	convection in an inclined porous box},
  journal = {Hydrogeol. J.},
  year = {2010},
  volume = {18},
  pages = {5-23}
}

@ARTICLE{Voss:1987,
  author = {C.I. Voss and W. Souza},
  title = {Variable Density Flow and Solute Transport Simulation of Regional
	Aquifers Containing a Narrow Freshwater-Saltwater Transition Zone},
  journal = {Water. Resour. Res.},
  year = {1987},
  volume = {23},
  pages = {1851-1866},
  number = {10}
}

@ARTICLE{Wheeler:1978,
  author = {M.F. Wheeler},
  title = {An Elliptic Collocation-Finite Element Method With Interior Penalties},
  journal = {SIAM J. Numer. Anal.},
  year = {1978},
  volume = {15},
  pages = {152-161},
  number = {1}
}

@INCOLLECTION{WheelerDarlow:1980,
  author = {M.F. Wheeler and B. Darlow},
  title = {Interior penalty {G}alerkin procedures for miscible displacement
	problems in porous media},
  booktitle = {Comp. Meth. Nonlinear Mechanics},
  publisher = {North-Holland, Amsterdam, New York},
  year = {1980},
  editor = {J. T. Oden},
  pages = {485-506}
}

@ARTICLE{Wooding:1957,
  author = {R.A. Wooding},
  title = {Steady state free thermal convection of liquid in a saturated permeable
	medium},
  journal = {J. Fluid. Mech.},
  year = {1957},
  volume = {2},
  pages = {273-285}
}

@ARTICLE{Younes:2003,
  author = {A. Younes},
  title = {On modelling the multidimensional coupled fluid flow and heat or
	mass transport in porous media},
  journal = {Int. J. Heat Mass Tran.},
  year = {2003},
  volume = {46},
  pages = {367-379}
}

@ARTICLE{YounesAckererMose:1999,
  author = {A. Younes and P. Ackerer and R. Mose},
  title = {Modeling Variable Density Flow and Solute Transport in Porous Medium:
	2. {R}e-Evaluation of the Salt Dome Flow Problem},
  journal = {Transport Porous Med.},
  year = {1999},
  volume = {35},
  pages = {375-394}
}

@ARTICLE{YounesFahsAhmed:2009,
  author = {A. Younes and M. Fahs and S. Ahmed},
  title = {Solving density driven flow problems with efficient spatial discretizations
	and higher-order time integration methods},
  journal = {Adv. Wat. Resour.},
  year = {2009},
  volume = {32},
  pages = {340-352}
}

@ARTICLE{Younesetal:2011,
  author = {A. Younes and M. Konz and M. Fahs and A. Zidane and P. Huggenberger},
  title = {Modelling variable density flow problems in heterogeneous porous
	media using the method of lines and advanced spatial discretization},
  journal = {Math. Comput. Simulat.},
  year = {2011},
  volume = {81},
  pages = {2346-2355}
}

@ARTICLE{ZhouBearBensabat:2005,
  author = {Q. Zhou and J. Bear and J. Bensabat},
  title = {Saltwater Upconing and Decay Beneath a Well Pumping Above an Interface
	Zone},
  journal = {Transport. Porous. Med.},
  year = {2005},
  volume = {61},
  pages = {337-363}
}

@INBOOK{Bear:1999,
  chapter = {5},
  title = {Theory and Applications of Transport in Porous Media: Seawater Intrusion
	in Coastal Aquifers - Concepts, Methods and Practices},
  publisher = {Kluwer Academic Publishers},
  year = {1999},
  editor = {J. Bear and A.H.-D. Cheng and S. Sorek and D. Ouazar and I. Herrera}
}

@BOOK{,
  owner = {timothypovich},
  timestamp = {2014.02.05}
}

@BOOKLET{,
  owner = {timothypovich},
  timestamp = {2014.02.05}
}

@OTHER{,
  owner = {timothypovich},
  timestamp = {2014.02.05}
}

@PATENT{,
  owner = {timothypovich},
  timestamp = {2014.02.05}
}

@MANUAL{,
  owner = {timothypovich},
  timestamp = {2014.02.05}
}

